%-----------------------------------------------------------------
% Lighting
%-----------------------------------------------------------------
@manual{ref1,
    title  = "mrdoob/three.js - Issue \#7489",
    author = "bhouston",
    url    = "https://github.com/mrdoob/three.js/issues/7489",
    year   = "2015"
}
@manual{ref2,
    title  = "The Phong Model, Introduction to the Concepts of Shader, Reflection Models and BRDF (The Phong Model and the concepts of Illumination Models and BRDF)",
    author = "ScratchAPixel",
    url    = "http://www.scratchapixel.com/lessons/3d-basic-rendering/phong-shader-BRDF"
}
@manual{ref3,
    title  = "Graphic Rants: Specular BRDF Reference",
    author = "Brian Karis",
    url    = "http://graphicrants.blogspot.gr/2013/08/specular-brdf-reference.html"
}
@manual{ref4,
    title  = "Simon's Tech Blog: Microfacet BRDF",
    author = "Simon Yeunglm",
    url    = "http://simonstechblog.blogspot.gr/2011/12/microfacet-brdf.html"
}
@manual{ref5,
    title  = "The Cg Tutorial - Chapter 5. Lighting",
    author = "NVIDIA",
    url    = "http://http.developer.nvidia.com/CgTutorial/cg_tutorial_chapter05.html"
}
@manual{ref6,
    title  = "Cook-Torrance",
    author = "Markus Ruh",
    url    = "http://ruh.li/GraphicsCookTorrance.html"
}
@manual{ref7,
    title  = "Writing a Cook-Torrance Surface Shader",
    author = "Pixar",
    url    = "https://renderman.pixar.com/view/cook-torrance-shader"
}
@manual{ref8,
    title  = "Improved IBL",
    author = "XLGames",
    url    = "http://xlgames-inc.github.io/posts/improvedibl/"
}
@manual{ref9,
    title  = "Adopting a physically based shading model",
    author = "Sébastien Lagarde",
    url    = "https://seblagarde.wordpress.com/2011/08/17/hello-world/"
}
@manual{ref10,
    title  = "Feeding a physically based shading model",
    author = "Sébastien Lagarde",
    url    = "https://seblagarde.wordpress.com/2011/08/17/feeding-a-physical-based-lighting-mode/"
}
@manual{ref11,
    title  = "AMD Cubemapgen for physically based rendering",
    author = "Sébastien Lagarde",
    url    = "https://seblagarde.wordpress.com/2012/06/10/amd-cubemapgen-for-physically-based-rendering/"
}
@manual{ref12,
    title  = "Physically Based Rendering and Image Based Lighting",
    author = "Dirkie Kunz",
    url    = "https://dirkiek.wordpress.com/2015/05/31/physically-based-rendering-and-image-based-lighting/"
}
@manual{ref13,
    title  = "Image Based Lighting",
    author = "Sergey Marasov",
    url    = "http://brabl.com/tag/ibl/"
}
@manual{ref14,
    title  = "Physically Based Shading and Image Based Lighting",
    author = "Trent Reed",
    url    = "http://www.trentreed.net/blog/physically-based-shading-and-image-based-lighting/"
}
@manual{ref15,
    title  = "GitHub - TReed0803/QtOpenGL: Tutorials for Qt5 OpenGL implementation.",
    author = "Trent Reed",
    url    = "https://github.com/TReed0803/QtOpenGL"
}
@manual{ref16,
    title  = "GitHub - McNopper/OpenGL: OpenGL/brdf.frag.glsl at master",
    author = "McNopper",
    url    = "https://github.com/McNopper/OpenGL/blob/master/Example32/shader/brdf.frag.glsl"
}
@manual{ref17,
    title  = "GitHub - tobspr/RenderPipeline: Render Pipeline with Physically Based Shading for Panda3D",
    author = "Tobias Springer",
    url    = "https://github.com/tobspr/RenderPipeline"
}
@manual{ref18,
    title  = "physically\_base\_render\_test/pbr.frag",
    author = "Kuranes",
    url    = "https://github.com/Kuranes/physically_base_render_test/blob/master/shaders/pbr.frag"
}
@manual{ref19,
    title  = "PBR Theory",
    author = "Marmoset",
    url    = "https://www.marmoset.co/toolbag/learn/pbr-theory"
}
@manual{ref20,
    title  = "PBR In Practice",
    author = "Marmoset",
    url    = "http://www.marmoset.co/toolbag/learn/pbr-practice"
}
@manual{ref21,
    title  = "PBR Texture Conversion",
    author = "Marmoset",
    url    = "http://www.marmoset.co/toolbag/learn/pbr-conversion"
}
@manual{ref22,
    title  = "Filmic Tonemapping Operators",
    author = "Filmic Games",
    url    = "http://filmicgames.com/archives/75"
}
@manual{ref23,
    title  = "PBR Texturing",
    author = "3DCoat",
    url    = "http://3dcoat.com/pbr/",
}
@manual{ref24,
    title  = "Pragmatic physically based rendering: HDR",
    author = "Marcin Ignac",
    url    = "http://marcinignac.com/blog/pragmatic-pbr-hdr/"
}
@manual{ref25,
    title  = "GPU Gems 3 - Chapter 20. GPU-Based Importance Sampling",
    author = "NVIDIA",
    url    = "http://http.developer.nvidia.com/GPUGems3/gpugems3_ch20.html"
}
@manual{ref26,
    title  = "PBR | dontnormalize",
    author = "Mathieu Guindon",
    url    = "https://dontnormalize.me/tag/pbr/"
}
@manual{ref27,
    title  = "Readings on Physically Based Rendering",
    author = "Kostas Anagnostou",
    url    = "https://interplayoflight.wordpress.com/2013/12/30/readings-on-physically-based-rendering/"
}
@manual{ref28,
    title  = "A list of graphic programming resources",
    author = "Matt DesLauriers",
    url    = "https://github.com/mattdesl/graphics-resources#physically-based-rendering"
}
@manual{ref29,
    title  = "Physically Based Rendering Encyclopedia",
    author = "Brian Yu",
    url    = "https://docs.google.com/document/d/1Fb9_KgCo0noxROKN4iT8ntTbx913e-t4Wc2nMRWPzNk/edit?pref=2&pli=1"
}
@manual{ref30,
    title  = "The Basics of Fresnel Shading",
    author = "Kyle Halladay",
    url    = "http://kylehalladay.com/blog/tutorial/2014/02/18/Fresnel-Shaders-From-The-Ground-Up.html"
}
@manual{ref31,
    title  = "Game environments – Part A: rendering Remember Me | fxguide",
    author = "FXGuide",
    url    = "https://www.fxguide.com/featured/game-environments-parta-remember-me-rendering/"
}
@manual{ref32,
    title  = "Physically Based Rendering",
    author = "Coding Labs",
    url    = "http://www.codinglabs.net/article_physically_based_rendering.aspx"
}
@manual{ref33,
    title  = "Physically Based Rendering - Cookâ€“Torrance",
    author = "Coding Labs",
    url    = "http://www.codinglabs.net/article_physically_based_rendering_cook_torrance.aspx"
}
@manual{ref34,
    title  = "Course: Physically Based Shading in Theory and Practice - Self Shadow",
    author = "SIGGRAPH 2013",
    url    = "http://blog.selfshadow.com/publications/s2013-shading-course/"
}

%-----------------------------------------------------------------
% Scene
%-----------------------------------------------------------------
@manual{scene:ref1,
    title  = "mrdoob/three.js Scenefile",
    author = "mrdoob"
    url    = "https://github.com/mrdoob/three.js/blob/master/examples/scenes/test_scene.js"
}
@manual{scene:ref2,
    title  = "Assimp Library",
    author = "Alexander Gessler, Thomas Schulze, Kim Kulling, David Nadlinger",
    url    = "http://assimp.org"
}
@manual{scene:ref3,
    title  = "rapidjson",
    author = "Milo Yip",
    url    = "https://github.com/miloyip/rapidjson"
}
